<?xml version="1.0" encoding="UTF-8"?><collection xmlns="http://www.loc.gov/MARC21/slim"><record><leader>00506nam--2200193-u-4500</leader><controlfield tag="001">000054413</controlfield><controlfield tag="002">20161230</controlfield><controlfield tag="005">20161230201051</controlfield><controlfield tag="008">111207s1000------------r-----000-0-rus-d</controlfield><datafield ind1=" " ind2=" " tag="040"><subfield code="a">IFIN-HH</subfield></datafield><datafield ind1=" " ind2=" " tag="041"><subfield code="a">rus</subfield></datafield><datafield ind1=" " ind2=" " tag="080"><subfield code="a">539.12.162.8:539.17</subfield></datafield><datafield ind1="1" ind2=" " tag="100"><subfield code="a">Didenko, L.A</subfield></datafield><datafield ind1="1" ind2="0" tag="245"><subfield code="a">Asimmetria adronnih vzaimodeistvii</subfield><subfield code="c">L.a. didenko, v.s. murzii, l.i. sariceva</subfield></datafield><datafield ind1=" " ind2=" " tag="260"><subfield code="a">Moskva</subfield><subfield code="b">Nauka</subfield><subfield code="c">1981</subfield></datafield><datafield ind1=" " ind2=" " tag="300"><subfield code="a">133P</subfield></datafield><datafield ind1="1" ind2=" " tag="700"><subfield code="a">Sariceva, L.I</subfield></datafield><datafield ind1=" " ind2=" " tag="852"><subfield code="a">49052</subfield><subfield code="c">539.12</subfield></datafield><datafield ind1=" " ind2=" " tag="CAT"><subfield code="a">Sys</subfield><subfield code="c">20111207</subfield><subfield code="h">161959</subfield></datafield></record></collection>